@book{KepGil2011,
     title = {Graph Algorithms in the Language of Linear Algebra},
     author = {Jeremy Kepner and John Gilbert},
     publisher = {SIAM Press},
     year  = {2011}
}

@article{buluc2019graphblas,
  title={The {GraphBLAS C API} {S}pecification},
  author={Bulu\c{c}, Ayd{\i}n and Mattson, Timothy and McMillan, Scott and Moreira, Jos{\'e} and Yang, Carl},
  journal={GraphBLAS. org, Tech. Rep.},
  volume = {version 1.3.0},
  year={2019}
}

@inproceedings{bulucc2017design,
  title={Design of the {GraphBLAS} {API} for {C}},
  author={Bulu{\c{c}}, Aydin and Mattson, Tim and McMillan, Scott and Moreira, Jos{\'e} and Yang, Carl},
  booktitle={IEEE Intr.\ Parallel \& Distributed Processing Symposium Workshops (IPDPSW)},
  pages={643--652},
  year={2017},
}

@inproceedings{mathgraphblas16,
 author = {Jeremy Kepner and Peter Aaltonen and David Bader and Ayd{\i}n Bulu\c{c} and Franz Franchetti and John Gilbert and Dylan Hutchison and Manoj Kumar and Andrew Lumsdaine and Henning Meyerhenke and Scott McMillan and Jos{\'e} Moreira and John Owens and Carl Yang and Marcin Zalewski and Timothy Mattson},
  title = {Mathematical Foundations of the {GraphBLAS}},
  booktitle = {IEEE High Performance Extreme Computing (HPEC)},
  year = {2016}
} 

@inproceedings{mattson2019lagraph,
  title={LAGraph: A community effort to collect graph algorithms built on top of the GraphBLAS},
  author={Mattson, Tim and Davis, Timothy A and Kumar, Manoj and Buluc, Aydin and McMillan, Scott and Moreira, Jos{\'e} and Yang, Carl},
  booktitle={IEEE International Parallel and Distributed Processing Symposium Workshops (IPDPSW)},
  pages={276--284},
  year={2019},
  organization={IEEE}
}
